<record><leader>00000cas a22000007a 4500</leader><controlfield tag="001">10129168</controlfield><controlfield tag="008">831115d18351845pauwr ne      0    0eng d</controlfield><datafield ind1=" " ind2=" " tag="010"><subfield code="a">sn 83032020 </subfield></datafield><datafield ind1=" " ind2=" " tag="040"><subfield code="a">NPU</subfield><subfield code="b">eng</subfield><subfield code="c">NPU</subfield><subfield code="d">NPX</subfield><subfield code="d">NPH</subfield><subfield code="d">OCLCQ</subfield></datafield><datafield ind1=" " ind2=" " tag="042"><subfield code="a">msc</subfield></datafield><datafield ind1="0" ind2="0" tag="245"><subfield code="a">Doylestown Democrat, and farmers' and mechanics' gazette.</subfield></datafield><datafield ind1="1" ind2="7" tag="246"><subfield code="a">Doylestown Democrat</subfield></datafield><datafield ind1=" " ind2=" " tag="260"><subfield code="a">Doylestown, Pa. :</subfield><subfield code="b">John S. Bryan,</subfield><subfield code="c">1835-1845.</subfield></datafield><datafield ind1=" " ind2=" " tag="300"><subfield code="a">v. :</subfield><subfield code="b">ill. (chiefly advertisements) ;</subfield><subfield code="c">60 cm.</subfield></datafield><datafield ind1=" " ind2=" " tag="310"><subfield code="a">Weekly</subfield></datafield><datafield ind1="0" ind2=" " tag="362"><subfield code="a">Vol. 1, no. 42 (Aug. 26, 1835)- ; -new ser. v. 1, no. 13 (Aug. 6, 1845).</subfield></datafield><datafield ind1=" " ind2=" " tag="500"><subfield code="a">Publishers: John S. Bryan, &lt;1837-1842&gt;; Samuel Johnson Paxson, &lt;1845&gt;.</subfield></datafield><datafield ind1=" " ind2=" " tag="515"><subfield code="a">Issues for &lt;Aug. 6, 1845&gt; called also &lt;whole no. 1573&gt;.</subfield></datafield><datafield ind1=" " ind2=" " tag="752"><subfield code="a">United States</subfield><subfield code="b">Pennsylvania</subfield><subfield code="c">Bucks</subfield><subfield code="d">Doylestown.</subfield></datafield><datafield ind1="0" ind2="0" tag="780"><subfield code="t">Doylestown Democrat (Doylestown, Pa. : 1829)</subfield><subfield code="w">(DLC)sn 86053375</subfield></datafield><datafield ind1="0" ind2="0" tag="785"><subfield code="t">Doylestown Democrat and Bucks County gazette</subfield><subfield code="w">(DLC)sn 86071388</subfield></datafield></record>